<?xml version="1.0" encoding="UTF-8"?><record xmlns="http://www.loc.gov/MARC21/slim" xmlns:cinclude="http://apache.org/cocoon/include/1.0" xmlns:zs="http://www.loc.gov/zing/srw/">
  <leader>00421cz  a2200145n  4500</leader>
  <controlfield tag="001">n  88017678 </controlfield>
  <controlfield tag="003">DLC</controlfield>
  <controlfield tag="005">20000624065900.0</controlfield>
  <controlfield tag="008">881011n| acannaabn          |a aaa      </controlfield>
  <datafield tag="010" ind1=" " ind2=" ">
    <subfield code="a">n  88017678 </subfield>
  </datafield>
  <datafield tag="035" ind1=" " ind2=" ">
    <subfield code="a">(OCoLC)oca02377842</subfield>
  </datafield>
  <datafield tag="040" ind1=" " ind2=" ">
    <subfield code="a">DLC</subfield>
    <subfield code="b">eng</subfield>
    <subfield code="c">DLC</subfield>
    <subfield code="d">OCoLC</subfield>
  </datafield>
  <datafield tag="100" ind1="1" ind2=" ">
    <subfield code="a">Este패vez Molinero, Angel</subfield>
  </datafield>
  <datafield tag="400" ind1="1" ind2=" ">
    <subfield code="a">Molinero, Angel Este패vez</subfield>
  </datafield>
  <datafield tag="670" ind1=" " ind2=" ">
    <subfield code="a">His Federico Garci패a Lorca ... 1987:</subfield>
    <subfield code="b">t.p. (Angel Este패vez Molinero)</subfield>
  </datafield>
</record>